@inproceedings{freund1996experiments,
  title={Experiments with a new boosting algorithm},
  author={Freund, Yoav and Schapire, Robert E and others},
  year={1996}
}

@article{breiman2001random,
  title={Random forests},
  author={Breiman, Leo},
  journal={Machine learning},
  volume={45},
  number={1},
  pages={5--32},
  year={2001},
  publisher={Springer}
}

@article{freund1999short,
  title={A short introduction to boosting},
  author={Freund, Yoav and Schapire, Robert},
  journal={Journal-Japanese Society For Artificial Intelligence},
  volume={14},
  number={771-780},
  pages={1612},
  year={1999},
  publisher={JAPANESE SOC ARTIFICIAL INTELL}
}
